

@article{moller2010,
  author    = {Joachim Möller},
  title     = {The German labor market response in the world recession – De-mystifying a miracle},
  journal   = {Zeitschrift f{\"u}r ArbeitsmarktForschung},
  year      = {2010},
  volume    = {42},
  number    = {4},
  pages     = {325--336}
}


@book{anselin1988,
  author    = {Luc Anselin},
  title     = {Spatial Econometrics: Methods and Models},
  publisher = {Kluwer Academic Publishers},
  year      = {1988}
}


@article{moran1950,
  author    = {Patrick A. P. Moran},
  title     = {Notes on Continuous Stochastic Phenomena},
  journal   = {Biometrika},
  year      = {1950},
  volume    = {37},
  number    = {1/2},
  pages     = {17-23}
}

@book{wooldridge2012,
  author    = {Jeffrey M. Wooldridge},
  title     = {Introductory Econometrics: A Modern Approach},
  publisher = {South-Western Cengage Learning},
  year      = {2012},
  edition   = {5th}
}

@book{elhorst2014,
  author    = {J. Paul Elhorst},
  title     = {Spatial Econometrics: From Cross-Sectional Data to Spatial Panels},
  publisher = {Springer-Verlag},
  year      = {2014}
}

@article{Popp2023,
  author = {M. Popp},
  title = {How elastic is labor demand? A meta-analysis for the German labor market},
  journal = {Journal for Labour Market Research},
  volume = {57},
  number = {1},
  pages = {14},
  year = {2023}
}

@article{RinneZimmermann2012,
  author = {Ulf Rinne and Klaus F. Zimmermann},
  title = {Another economic miracle? The German labor market and the Great Recession},
  journal = {IZA Journal of Labor Policy},
  volume = {1},
  pages = {1-21},
  year = {2012}
}

